@misc{wiki_internet,
	title="Internet",
	author="\textrm{Wikipedia.org}",
	note="\url{Electronic: http://en.wikipedia.org/wiki/Internet}",
	}

@misc{wiki_tcp_ip,
	title="Internet Protocol Suite",
	author="\textrm{Wikipedia.org}",
	note="\url{Electronic: http://en.wikipedia.org/wiki/Internet_protocol_suite}",
	}

@misc{digi_xbee,
	title="XBee",
	author="\textrm{Digi International Inc.}",
	note="\url{Electronic: http://www.digi.com/xbee/}",
	}

@misc{ftdichip,
	title="Future Technology Devices International Ltd.",
	author="\textrm{Future Technology Devices International Ltd.}",
	note="\url{Electronic: http://www.ftdichip.com/index.html}",
	}
	
@misc{wiki_tun_tap,
	title="TUN/TAP",
	author="\textrm{Wikipedia.org}",
	note="\url{Electronic: http://en.wikipedia.org/wiki/TUN/TAP}",
	}

@misc{libxbee,
	title="libxbee",
	author="\textrm{Google Project Hosting}",
	note="\url{Electronic: https://code.google.com/p/libxbee/}",
	}

@misc{wiki_xbee,
	title="XBee",
	author="\textrm{Wikipedia.org}",
	note="\url{Electronic: http://en.wikipedia.org/wiki/XBee}",
	}
	
@misc{wiki_ieee_802_15_4,
	title="IEEE 802.15.4",
	author="\textrm{Wikipedia.org}",
	note="\url{Electronic: http://en.wikipedia.org/wiki/IEEE_802.15.4}",
	}

@misc{sparkfun_xbee_usb,
	title="XBee Explorer USB",
	author="\textrm{SparkFun Electronics}",
	note="\url{Electronic: https://www.sparkfun.com/products/retired/8687}",
	}

@misc{wiki_device_file,
	title="Device File",
	author="\textrm{Wikipedia.org}",
	note="\url{Electronic: http://en.wikipedia.org/wiki/Device_file}",
	}

@misc{digi_xctu,
	title="XCTU",
	author="\textrm{Digi International Inc.}",
	note="\url{Electronic: http://www.digi.com/products/wireless-wired-embedded-solutions/zigbee-rf-modules/xctu}",
	}

@misc{backreference_tuntap,
	title="Tun/Tap interface tutorial",
	author="\textrm{Davide Brini}",
	note="\url{Electronic: http://backreference.org/2010/03/26/tuntap-interface-tutorial/}",
	}

@misc{digi_sending_data,
	title="Sending data through an 802.15.4 network latency timing",
	author="\textrm{Digi International Inc.}",
	note="\url{Electronic: http://www.digi.com/support/kbase/kbaseresultdetl?id=3065}",
	}

@misc{wiki_ipv4,
	title="IPv4",
	author="\textrm{Wikipedia.org}",
	note="\url{Electronic: http://en.wikipedia.org/wiki/IPv4}",
	}
